<?xml version="1.0" encoding="UTF-8"?>
<collection xmlns="http://www.loc.gov/MARC21/slim">
    <record>
        <leader>00000nz  a2200169   4500</leader>
        <controlfield tag="001">30002517</controlfield>
        <controlfield tag="003">RISM</controlfield>
        <controlfield tag="005">20160216</controlfield>
        <controlfield tag="008">160216n||az|||||||##########||||||||||||</controlfield>
        <datafield tag="040" ind1=" " ind2=" ">
            <subfield code="a">MD-KI</subfield>
        </datafield>
        <datafield tag="043" ind1=" " ind2=" ">
            <subfield code="c">XA-MD</subfield>
        </datafield>
        <datafield tag="110" ind1="2" ind2=" ">
            <subfield code="a">Biblioteka Gosudarstvennoj konservatorii im. G. Muzyčesku</subfield>
            <subfield code="c">Kišinev</subfield>
            <subfield code="g">MD-KI</subfield>
        </datafield>
        <datafield tag="410" ind1="2" ind2=" ">
            <subfield code="a">Biblioteka Gosudarstvennoy Konservatoriy imeni G. Muzichesku</subfield>
        </datafield>
        <datafield tag="622" ind1=" " ind2=" ">
            <subfield code="e">Biblioteka Gosudarstvennoj, konservatorii im. G. Muzyčesku, Kišinev, Moldova</subfield>
        </datafield>
    </record>
</collection>


